<?xml version="1.0" encoding="UTF-8"?><record xmlns="http://www.loc.gov/MARC21/slim" xmlns:cinclude="http://apache.org/cocoon/include/1.0" xmlns:zs="http://www.loc.gov/zing/srw/">
  <leader>00399nz  a2200121n  4500</leader>
  <controlfield tag="001">n  89666077 </controlfield>
  <controlfield tag="003">DLC</controlfield>
  <controlfield tag="005">19891121084129.5</controlfield>
  <controlfield tag="008">891121n| acannaab|          |n aad |||  </controlfield>
  <datafield tag="010" ind1=" " ind2=" ">
    <subfield code="a">n  89666077 </subfield>
  </datafield>
  <datafield tag="040" ind1=" " ind2=" ">
    <subfield code="a">DLC</subfield>
    <subfield code="c">DLC</subfield>
  </datafield>
  <datafield tag="100" ind1="1" ind2="0">
    <subfield code="a">Stribling, Margaret C.</subfield>
  </datafield>
  <datafield tag="670" ind1=" " ind2=" ">
    <subfield code="a">nuc89-101001: Kulm, L.D. Inventory of heavy minerals and ... 1986</subfield>
    <subfield code="b">(hdg. on WaU rept.: Stribling, Margaret C.; usage: Margaret C. Stribling)</subfield>
  </datafield>
</record>